<record><leader>00000cas a22000007a 4500</leader><controlfield tag="001">5840681</controlfield><controlfield tag="008">800103d19791979cauwr ne      0   a0eng d</controlfield><datafield ind1=" " ind2=" " tag="010"><subfield code="a">sn 80008616 </subfield></datafield><datafield ind1=" " ind2=" " tag="040"><subfield code="a">NSD</subfield><subfield code="b">eng</subfield><subfield code="c">NSD</subfield><subfield code="d">OCLCQ</subfield></datafield><datafield ind1="1" ind2=" " tag="022"><subfield code="a">0196-5670</subfield><subfield code="l">0196-5670</subfield><subfield code="2">1</subfield></datafield><datafield ind1=" " ind2=" " tag="037"><subfield code="b">South Bay Weekly, Inc., 1153 Lincoln Ave., Suite 2, San Jose, CA 95125</subfield></datafield><datafield ind1=" " ind2=" " tag="042"><subfield code="a">nsdp</subfield></datafield><datafield ind1=" " ind2="0" tag="222"><subfield code="a">South Bay weekly</subfield></datafield><datafield ind1="0" ind2="0" tag="245"><subfield code="a">South Bay weekly.</subfield></datafield><datafield ind1=" " ind2=" " tag="260"><subfield code="a">San Jose, Calif. :</subfield><subfield code="b">South Bay Weekly,</subfield><subfield code="c">[c1979]</subfield></datafield><datafield ind1=" " ind2=" " tag="310"><subfield code="a">Weekly</subfield></datafield><datafield ind1="0" ind2=" " tag="362"><subfield code="a">Premier advertising issue (Nov. 14-20, 1979).</subfield></datafield><datafield ind1=" " ind2=" " tag="500"><subfield code="a">"San Jose's newsmagazine."</subfield></datafield><datafield ind1=" " ind2=" " tag="500"><subfield code="a">Title from cover.</subfield></datafield><datafield ind1=" " ind2=" " tag="500"><subfield code="a">No more published?</subfield></datafield><datafield ind1=" " ind2=" " tag="936"><subfield code="a">Premier advertising issue, Nov. 14-20, 1979.</subfield></datafield></record>